@book{rog_1986,
  author = {Rogers, David F.},
  title = {Procedural Elements for Computer Graphics},
  year = {1986},
  isbn = {978-0-07-053534-3},
  publisher = {McGraw-Hill, Inc.},
  address = {USA}
}
@book{sun_2006, 
  place={北京}, 
  isbn = {978-7-11119174-2},
  title={计算机图形学教程 = Computer graphics}, 
  publisher={机械工业出版社}, 
  author={孙正兴}, 
  year={2006}
}
@book{rog_2002, 
  place={北京}, 
  isbn = {978-7-11107582-0},
  title={计算机图形学的算法基础}, 
  publisher={机械工业出版社}, 
  author={Rogers, David F. and 石教英 and 彭群生}, 
  year={2002}
}
@misc{ddawiki,
    howpublished = "\url{https://en.wikipedia.org/wiki/Digital_differential_analyzer_(graphics_algorithm)}",
    note = "[Online; accessed 28-February-2020]",
    year = {2020}
}